<?xml version="1.0" encoding="UTF-8"?><collection xmlns="http://www.loc.gov/MARC21/slim"><record><leader>00586nam--2200157-i-4500</leader><controlfield tag="001">000022404</controlfield><controlfield tag="002">20161230</controlfield><controlfield tag="005">20161230201034</controlfield><controlfield tag="008">060222s1000------------r-----000-0-eng-d</controlfield><datafield ind1=" " ind2=" " tag="040"><subfield code="a">IFIN-HH</subfield></datafield><datafield ind1="1" ind2=" " tag="100"><subfield code="a">Hughel, Thomas J</subfield></datafield><datafield ind1="1" ind2="0" tag="245"><subfield code="a">Liquids: structure, properties, solid interactions</subfield><subfield code="b">Proceedings of the Symposium on Liquids: Structure, Properties, Solid Interactions, General Motors Research Laboratories, Warren, Michigan, 1963</subfield><subfield code="c">THOMAS J. HUGHEL (Ed.)</subfield></datafield><datafield ind1=" " ind2=" " tag="260"><subfield code="a">Amsterdam, Elsevier Publ.Co., 1965,</subfield></datafield><datafield ind1=" " ind2=" " tag="300"><subfield code="a">X + 384 P</subfield></datafield><datafield ind1=" " ind2=" " tag="852"><subfield code="a">21800</subfield><subfield code="c">532</subfield></datafield><datafield ind1=" " ind2=" " tag="CAT"><subfield code="a">Sys</subfield><subfield code="c">20100713</subfield><subfield code="h">145623</subfield></datafield></record></collection>